<?xml version="1.0" encoding="UTF-8"?><record xmlns="http://www.loc.gov/MARC21/slim" xmlns:cinclude="http://apache.org/cocoon/include/1.0" xmlns:zs="http://www.loc.gov/zing/srw/">
  <leader>00488cz  a2200145n  4500</leader>
  <controlfield tag="001">n  87138819 </controlfield>
  <controlfield tag="003">DLC</controlfield>
  <controlfield tag="005">19880323141800.7</controlfield>
  <controlfield tag="008">871027n| acannaab|          |n aaa |||  </controlfield>
  <datafield tag="010" ind1=" " ind2=" ">
    <subfield code="a">n  87138819 </subfield>
  </datafield>
  <datafield tag="040" ind1=" " ind2=" ">
    <subfield code="a">DLC</subfield>
    <subfield code="c">DLC</subfield>
    <subfield code="d">DLC</subfield>
  </datafield>
  <datafield tag="100" ind1="1" ind2="0">
    <subfield code="a">Wiggins, Walter E.</subfield>
  </datafield>
  <datafield tag="670" ind1=" " ind2=" ">
    <subfield code="a">nuc87-110989: His Saskatchewan, the land and the people, 1985</subfield>
    <subfield code="b">(hdg. on CaOTU rept.: Wiggins, Walter E.; usage: Walter E. Wiggins)</subfield>
  </datafield>
  <datafield tag="670" ind1=" " ind2=" ">
    <subfield code="a">His Selections from the writings of Walter E. Wiggins, 1985.</subfield>
  </datafield>
  <datafield tag="675" ind1=" " ind2=" ">
    <subfield code="a">NLC.</subfield>
  </datafield>
</record>